@article{segura2011estructuras,
  title={Estructuras de concreto I},
  author={Segura, Jorge},
  journal={Santa f{\'e} de Bogot{\'a}: Universidad Nacional de Colombia},
  year={2011}
  }