@book{Supernovae_book,
    title={In Supernovae as Distance Indicators },
    author={Cadonau,R., Sandage, A., Tammann, G.A. },
    year={1985},
    edition={ed. N. Bartel },
    publisher={Berlin: Springer-Verlag }
}

@article{paper_possel,
    title = {STREET LIGHTS AS STANDARD CANDLES: A STUDENT ACTIVITY FOR UNDERSTANDING
ASTRONOMICAL DISTANCE MEASUREMENTS },
    author = {Markus Possel },
    year = {2016},
    journal = {AstroEDU},
    volume = { 1535}
}
@article{Curso_LED,
    title = { Curso alumbrado LED - Depreciacion luminca},
    howpublished = {\url{https://eva.fing.edu.uy/pluginfile.php/262043/mod_resource/content/1/2019-11-04_AlumbradoLed_Depreciacion-TM-21.pdf}},
    year = {2019}
}

@misc{web_technic_streetligh,
    title = {Technical manual of LED Street Light ZD216 },
    howpublished = {\url{https://sylvania-colombia.com/wp-content/uploads/2023/01/2.-FT-P27149.pdf }}
}