@article{poissonGauss,
  author  = "Matsumoto, T., & Hanawa, T",
  title   = "A fast algorithm for solving the Poisson equation on a nested grid",
  journal = "The Astrophysical Journal",
  year    = "2003",
  volume  = "583",
  number  = "1",
  pages   = "296-307"
}
@article{Seidel,
    author = "Benjamin A. Stickler, Ewald Schachinger"  ,
    title = "Basic Concepts in Computational Physics" ,
    journal = "Institute of Theoretical and Computational Physics",
    year = "2015",
    number = "11.2 The Poisson equation",
    pages = "148"
}

@article{jacobi,
  author  = "Burkardt, J",
  title   = "Jacobi Iterative Solution of Poissonâ€™s Equation in 1D",
  year    = "2011"
}

@article{plummer,
  author  = "Spitzer Jr, L., & Shull, J. M.",
  title   = "Random gravitational encounters and the evolution of spherical systems. VI-Plummer's model.",
  journal = "The Astrophysical Journal",
  year    = "1975",
  volume  = "200",
  number  = "1",
  pages   = "339-342"
}

@article{fdm,
  author  = "Nagel, J. R.",
  title   = "Solving the generalized Poisson equation using the finite-difference method (FDM).",
  journal = "Lecture Notes, Dept. of Electrical and Computer Engineering, University of Utah.",
  year    = "2011"
}

@article{laplacian,
  author  = "Nagel, J. R.",
  title   = "Numerical solutions to poisson equations using the finite-difference method [education column]",
  journal = "IEEE antennas and propagation magazine",
  year    = "2014",
  volume  = "56",
  number  = "4",
  pages   = "209-224"
}
@article{astro,
  author  = "Haghi, H., Baumgardt, H., Kroupa, P., Grebel, E. K., Hilker, M., & Jordi, K.",
  title   = "Testing fundamental physics with distant star clusters: theoretical models for pressure-supported stellar systems.",
  journal = "Monthly Notices of the Royal Astronomical Society",
  year    = "2009",
  volume  = "395",
  number  = "3",
  pages   = "1549-1557"
}

@article{astro1,
  author  = "Lynden-Bell, D.",
  title   = "Stellar dynamics: Exact solution of the self-gravitation equation",
  journal = "Monthly Notices of the Royal Astronomical Society",
  year    = "1961",
  volume  = "123",
  number  = "5",
  pages   = "447-458"
}

@article{astro2,
  author  = "Takahashi, K.",
  title   = "Fokker-Planck Models of Star Clusters with Anisotropic Velocity Distributions. I. Pre-Collapse Evolution.",
  journal = "arXiv preprint astro-ph/9507040",
  year    = "1995
}



