@article{Super,
author="Hambly, N. C. and MacGillivray, H. T. and Read, M. A. and Tritton, S. B. and Thomson, E. B. and Kelly, B. D. and Lawrence, A.",
title="The SuperCOSMOS sky surveyâ€”I. Introduction and description",
journal="Monthly Notices of the Royal Astronomical Society",
volume="326",
number="4",
pages="1279-1294",
year="2001"}

@article{AT20G,
author="Massardi, M. and Ekers, R. D. and Murphy, T. and Ricci, R. and Sadler, E. M. and Burke, S. and Wilson, W. E.",
year="2008",
title="The Australia telescope 20-GHz (AT20G) survey: the bright source sample",
journal="Monthly Notices of the Royal Astronomical Society",
volume="384",
number="2",
pages="775-882"}

@article{ML,
author="Rohde, D. J. and Drinkwater, M. J. and Gallagher, M. R. and Downs, T. and Doyle, M. T.",
year="2005",
title="The Australia telescope 20-GHz (AT20G) survey: the bright source sample",
journal="Monthly Notices of the Royal Astronomical Society",
volume="360",
number="1",
pages="69-75"}
